
@book{montgomery,
  address = {Providence, Rhode Island},
  series = {Pure and applied undergraduate texts},
  title = {Early {Fourier} analysis},
  isbn = {9781470415600},
  number = {22},
  publisher = {American Mathematical Society},
  author = {Montgomery, Hugh L.},
  year = {2014},
  keywords = {Harmonic analysis, Fourier transformations, Harmonic analysis on
              Euclidean spaces -- Instructional exposition (textbooks, tutorial
              papers, etc.)},
}

@book{rudin,
  address = {New York},
  edition = {3rd ed},
  title = {Real and complex analysis},
  isbn = {9780070542341},
  publisher = {McGraw-Hill},
  author = {Rudin, Walter},
  year = {1987},
  keywords = {Mathematical analysis},
}

@book{axler,
  address = {Cham},
  series = {Graduate {Texts} in {Mathematics}},
  title = {Measure, integration \& real analysis},
  volume = {282},
  isbn = {9783030331429 9783030331436},
  url = {http://link.springer.com/10.1007/978-3-030-33143-6},
  language = {en},
  urldate = {2023-03-31},
  publisher = {Springer International Publishing},
  author = {Axler, Sheldon},
  year = {2020},
  doi = {10.1007/978-3-030-33143-6},
}

@article{grafakos,
  title = {Some {Problems} in {Harmonic} {Analysis}},
  copyright = {arXiv.org perpetual, non-exclusive license},
  url = {https://arxiv.org/abs/1701.06637},
  doi = {10.48550/ARXIV.1701.06637},
  abstract = {In May 2016, we organized a conference in harmonic analysis in
              honor of Professor Michael Christ, on the campus of the University
              of Wisconsin in Madison. We are happy to present sixteen open
              problems, almost all of which were contributed by participants of a
              problem session held in the afternoon of May 19, 2016.},
  urldate = {2023-03-31},
  author = {Grafakos, Loukas and Silva, Diogo Oliveira e and Pramanik, Malabika
            and Seeger, Andreas and Stovall, Betsy},
  year = {2017},
  keywords = {Classical Analysis and ODEs (math.CA), Analysis of PDEs (math.AP),
              FOS: Mathematics, FOS: Mathematics},
}
